@article{aprile_doke_LXe,
          title = {Liquid xenon detectors for particle physics and astrophysics},
          author = {Aprile, E. and Doke, T.},
          journal = {Rev. Mod. Phys.},
          volume = {82},
          issue = {3},
          pages = {2053--2097},
          numpages = {0},
          year = {2010},
          month = {Jul},
          publisher = {American Physical Society},
          doi = {10.1103/RevModPhys.82.2053},
          url = {http://link.aps.org/doi/10.1103/RevModPhys.82.2053}
}



@article{sampling_doug,
      author         = "Leonard, D. S. and Dobi, A. and Hall, C. and Kaufman, L.
                        and Langford, T. and Slutsky, S. and Yen, Y. R.",
      title          = "{A simple high-sensitivity technique for purity analysis
                        of xenon gas}",
      journal        = "Nucl. Instrum. Meth.",
      volume         = "A621",
      year           = "2010",
      pages          = "678-684",
      doi            = "10.1016/j.nima.2010.04.152",
      eprint         = "1002.2742",
      archivePrefix  = "arXiv",
      primaryClass   = "physics.ins-det",
      SLACcitation   = "%%CITATION = ARXIV:1002.2742;%%"
}


@article{sampling_EXO,
      author         = "Dobi, A. and others",
      title          = "{Xenon purity analysis for EXO-200 via mass
                        spectrometry}",
      journal        = "Nucl. Instrum. Meth.",
      volume         = "A675",
      year           = "2012",
      pages          = "40-46",
      doi            = "10.1016/j.nima.2012.01.066",
      eprint         = "1109.1046",
      archivePrefix  = "arXiv",
      primaryClass   = "physics.ins-det",
      SLACcitation   = "%%CITATION = ARXIV:1109.1046;%%"
}

@article{sampling_dm,
      author         = "Dobi, Attila and Davis, Clayton G and Hall, Carter and
                        Langford, Thomas and Slutsky, Simon and Yen, Yung-Ruey",
      title          = "{Detection of krypton in xenon for dark matter
                        applications}",
      journal        = "Nucl. Instrum. Meth.",
      volume         = "A665",
      year           = "2011",
      pages          = "1-6",
      doi            = "10.1016/j.nima.2011.11.043",
      eprint         = "1103.2714",
      archivePrefix  = "arXiv",
      primaryClass   = "astro-ph.IM",
      SLACcitation   = "%%CITATION = ARXIV:1103.2714;%%"
}

@article{sampling_butterfly,
      author         = "Brown, Ethan and Rosendahl, Stephan and Huhmann,
                        Christian and Weinheimer, Christian and Kettling, Hans",
      title          = "{In situ measurements of Krypton in Xenon gas with a
                        quadrupole mass spectrometer following a cold-trap at a
                        temporarily reduced pumping speed}",
      journal        = "JINST",
      volume         = "8",
      year           = "2013",
      pages          = "P02011",
      doi            = "10.1088/1748-0221/8/02/P02011",
      eprint         = "1212.5136",
      archivePrefix  = "arXiv",
      primaryClass   = "physics.ins-det",
      SLACcitation   = "%%CITATION = ARXIV:1212.5136;%%"
}


@article{vac_eq,
      author         = "Marquardt, N.",
      title          = "{Introduction to the principles of vacuum physics}",
      year           = "1999",
      reportNumber   = "CERN-OPEN-2000-266",
      SLACcitation   = "%%CITATION = CERN-OPEN-2000-266;%%"
}

@article{vaporpressure,
title = "The sublimation of argon, krypton, and xenon ",
journal = "The Journal of Chemical Thermodynamics ",
volume = "40",
number = "12",
pages = "1621 - 1626",
year = "2008",
note = "",
issn = "0021-9614",
doi = "http://dx.doi.org/10.1016/j.jct.2008.07.023",
url = "http://www.sciencedirect.com/sci12/article/pii/S0021961408001778",
author = "A.G.M. Ferreira and L.Q. Lobo",
keywords = "Rare gases: Ar, Kr, Xe, (Ne, Rn)",
keywords = "Sublimation",
keywords = "Pressure",
keywords = "Enthalpy: Clapeyron equation "
}

@phdthesis{LNheatflux,
author = "Eric Roth",
title = "Nucleation and Heat Transfer in Liquid Nitrogen",
school = "Portland State University",
year = "1993",
doi = "http://dx.doi.org/10.15760/etd.1369",
url = "http://pdxscholar.library.pdx.edu/open_access_etds/1370/",

}

@misc{laplace,
  author        = "W. Craig Carter",
  title         = "3.21 Spring 2002: Lecture 08",
  month         = {February},
  year          = {2002},
  publisher={Massachusetts Institute of Technology}
  howpublished = {\url{http://pruffle.mit.edu/~ccarter/8b/Lecture_08/Lecture_08.html#eq:ltde}},
  note = {Accessed: 2017-07-03}
}

@book{nist,
author        = {E.W. Lemmon and M.O. McLinden and D.G. Friend},
  title         = {``Thermophysical Properties of Fluid Systems" in NIST Chemistry WebBook, NIST Standard Reference Database Number 69},
  editor={P.J. Linstrom, W.G. Mallard},
  publisher={ National Institute of Standards and Technology},
  address={Gaithersburg MD, 20899},
  doi={doi:10.18434/T4D303},
  howpublished = {\url{http://pruffle.mit.edu/~ccarter/8b/Lecture_08/Lecture_08.html#eq:ltde}},
  note = {Accessed: 2017-07-13}
  }



@Article{C14_Kuzminov,
author="Kuzminov, V. V.
and Osetrova, N. Ja.",
title="Precise measurement of 14C beta spectrum by using a wall-less proportional counter",
journal="Physics of Atomic Nuclei",
year="2000",
month="Jul",
day="01",
volume="63",
number="7",
pages="1292--1296",
issn="1562-692X",
doi="10.1134/1.855786",
url="https://doi.org/10.1134/1.855786"
}


@article{C14_Wietfeldt,
  title = {Further studies on the evidence for a 17-keV neutrino in a $^{14}\mathrm{doped}$ germanium detector},
  author = {Wietfeldt, F. E. and Norman, E. B. and Chan, Y. D. and da Cruz, M. T. F. and Garc\'{\i}a, A. and Haller, E. E. and Hansen, W. L. and Hindi, M. M. and Larimer, R.-M. and Lesko, K. T. and Luke, P. N. and Stokstad, R. G. and Sur, B. and \ifmmode \check{Z}\else \v{Z}\fi{}limen, I.},
  journal = {Phys. Rev. C},
  volume = {52},
  issue = {2},
  pages = {1028--1040},
  numpages = {0},
  year = {1995},
  month = {Aug},
  publisher = {American Physical Society},
  doi = {10.1103/PhysRevC.52.1028},
  url = {https://link.aps.org/doi/10.1103/PhysRevC.52.1028}
}


@Article{C14_Sonntag,
author="Sonntag, Ch.
and Rebel, H.
and Ribbat, B.
and Thio, S. K.
and Gramm, W. R.",
title="Experimental evidence for the nonstatistical shape of the beta spectrum of14C",
journal="Lettere al Nuovo Cimento (1969-1970)",
year="1970",
month="Oct",
day="01",
volume="4",
number="15",
pages="717--719",
issn="1827-613X",
doi="10.1007/BF02755335",
url="https://doi.org/10.1007/BF02755335"
}


@Article{C14_Genz,
author="Genz, H.
and K{\"u}hner, G.
and Richter, A.
and Behrens, H.",
title="Phenomenological wave functions for the massA=14 system and a consistent description of beta decay observables",
journal="Zeitschrift f{\"u}r Physik A Hadrons and Nuclei",
year="1991",
month="Mar",
day="01",
volume="341",
number="1",
pages="9--24",
issn="0939-7922",
doi="10.1007/BF01281270",
url="https://doi.org/10.1007/BF01281270"
}


@article{C14_Garcia,
  title = {Shape of the \ensuremath{\beta} spectra in the A=14 system},
  author = {Garc\'{\i}a, A. and Brown, B. A.},
  journal = {Phys. Rev. C},
  volume = {52},
  issue = {6},
  pages = {3416--3427},
  numpages = {0},
  year = {1995},
  month = {Dec},
  publisher = {American Physical Society},
  doi = {10.1103/PhysRevC.52.3416},
  url = {https://link.aps.org/doi/10.1103/PhysRevC.52.3416}
}

@article{C14_Curran,
  title = {Beta Spectra of ${\mathrm{C}}^{14}$ and ${\mathrm{S}}^{35}$},
  author = {Moljk, A. and Curran, S. C.},
  journal = {Phys. Rev.},
  volume = {96},
  issue = {2},
  pages = {395--398},
  numpages = {0},
  year = {1954},
  month = {Oct},
  publisher = {American Physical Society},
  doi = {10.1103/PhysRev.96.395},
  url = {https://link.aps.org/doi/10.1103/PhysRev.96.395}
}

@article{C14_Bergeron,
title = "Comparison of 14C liquid scintillation counting at \{NIST\} and \{NRC\} Canada ",
journal = "Applied Radiation and Isotopes ",
volume = "109",
number = "",
pages = "30 - 35",
year = "2016",
note = "Proceedings of the 20th International Conference on Radionuclide Metrology and its Applications 8–11 June 2015, Vienna, Austria ",
issn = "0969-8043",
doi = "https://doi.org/10.1016/j.apradiso.2015.11.007",
url = "http://www.sciencedirect.com/science/article/pii/S0969804315302360",
author = "Denis E. Bergeron and Raphael Galea and Lizbeth Laureano-Pérez and Brian E. Zimmerman",
}


@ARTICLE{C14_Borexino,
author={Alimonti, G. and Angloher, G. and Arpesella, C. and Balata, M. and Bellini, G. and Benziger, J. and Bonetti, S. and Cadonati, L. and Calaprice, F.P. and Cecchet, G. and Chen, M. and Darnton, N. and De Bari, A. and Deutsch, M. and Elisei, F. and Von Feilitzsch, F. and Galbiati, C. and Gatti, F. and Giammarchi, M.G. and Giugni, D. and Goldbrunner, T. and Golubchikov, A. and Goretti, A. and Hagner, T. and Hartmann, F.X. and Von Hentig, R. and Heusser, G. and Ianni, A. and Jochum, J. and Johnson, M. and Laubenstein, M. and Lombardi, P. and Magni, S. and Malvezzi, S. and Manno, I. and Manuzio, G. and Masetti, F. and Mazzucato, U. and Meroni, E. and Neff, M. and Nostro, A. and Oberauer, L. and Perotti, A. and Preda, A. and Raghavan, R.S. and Ranucci, G. and Resconi, E. and Ruscitti, M. and Scardaoni, R. and Schönert, S. and Smirnov, O. and Tartaglia, R. and Testera, G. and Ullucci, P. and Vogelaar, R.B. and Vitale, S. and Zaimidoroga, O.},
title={Measurement of the 14C abundance in a low-background liquid scintillator},
journal={Physics Letters, Section B: Nuclear, Elementary Particle and High-Energy Physics},
year={1998},
volume={422},
number={1-4},
pages={349-358},
note={cited By 73},
url={https://www.scopus.com/inward/record.uri?eid=2-s2.0-0040843577&partnerID=40&md5=e7792ad2cfab37b6aa48a03f6faadaaa},
document_type={Article},
source={Scopus},
}

